@book{lamport1994latex,
  title={LATEX: a document preparation system: user's guide and reference manual},
  author={Lamport, Leslie},
  year={1994},
  publisher={Addison-wesley}
}

@article{journals/corr/ZeilerF13,
  added-at = {2013-12-03T00:00:00.000+0100},
  author = {Zeiler, Matthew D. and Fergus, Rob},
  biburl = {https://www.bibsonomy.org/bibtex/2b52005fe7a966d5e37ab94aeb9544cff/dblp},
  ee = {http://arxiv.org/abs/1311.2901},
  interhash = {768566ccb1631027c31ecd83b6170649},
  intrahash = {b52005fe7a966d5e37ab94aeb9544cff},
  journal = {CoRR},
  keywords = {dblp},
  timestamp = {2013-12-04T11:33:11.000+0100},
  title = {Visualizing and Understanding Convolutional Networks.},
  url = {http://dblp.uni-trier.de/db/journals/corr/corr1311.html#ZeilerF13},
  volume = {abs/1311.2901},
  year = 2013
}

@misc{theverge,
  author = {Dami Lee},
  title = {This \$16,000 robot uses artificial intelligence to sort and fold laundry},
  year = {2018},
  note = {Reported 10 January 2018},
  url = {https://www.theverge.com/2018/1/10/16865506/laundroid-laundry-folding-machine-foldimate-ces-2018}
}

@misc{brownlee,
  author = {Jason Brownlee},
  title = {How to Prepare Data For Machine Learning},
  year = {2013},
  note = {Last access 2/5/2018},
  url = {https://machinelearningmastery.com/how-to-prepare-data-for-machine-learning/}
}



